% This file was created with JabRef 2.7b.
% Encoding: Cp1252

@ELECTRONIC{Bishop2009,
  author = {Christopher Bishop},
  month = {August},
  year = {2009},
  title = {Introduction to Bayesian Inference},
  language = {English},
  howpublished = {Online},
  organization = {Microsoft Research},
  note = {Machine Learning Summer School, Cambridge 2009},
  url = {http://videolectures.net/mlss09uk_bishop_ibi/},
  owner = {jwright},
  timestamp = {2013.03.24}
}

@ARTICLE{Blei2012,
  author = {David Blei},
  title = {Probabilistic Topic Models},
  journal = {Communications of the ACM CACM},
  year = {2012},
  volume = {55},
  pages = {77-84},
  number = {4},
  owner = {Jeremy},
  timestamp = {2013.03.23}
}

@ELECTRONIC{Blei2009,
  author = {David Blei},
  month = {September},
  year = {2009},
  title = {Topic Models},
  language = {English},
  howpublished = {Online},
  organization = {Computer Science Department Princeton University},
  note = {Machine Learning Summer School, Cambridge 2009},
  url = {http://videolectures.net/mlss09uk_blei_tm/},
  owner = {jwright},
  timestamp = {2013.03.24}
}

@ELECTRONIC{Bright2012,
  author = {Peter Bright},
  month = {3},
  year = {2012},
  title = {The HBGary Saga Nears It's End},
  organization = {arstechnica},
  url = {http://arstechnica.com/tech-policy/2012/03/the-hbgary-saga-nears-its-end/},
  urldate = {2013-01-28}
}

@INPROCEEDINGS{Chang2011,
  author = {C.-C. Chang and C.-J. Lin},
  title = {LIBSVM : a library for support vector machines},
  booktitle = {ACM Transactions on Intelligent Systems and Technology},
  year = {2011},
  pages = {2:27:1-27:27},
  owner = {Jeremy},
  timestamp = {2013.03.23}
}

@ARTICLE{Denoyer2004,
  author = {Denoyer and Ludovic and Gallinari and Patrick},
  title = {Bayesian network model for semi-structured document classification},
  journal = {Information Processing and Management},
  year = {2004},
  month = {June},
  owner = {Jeremy},
  timestamp = {2013.03.23}
}

@ARTICLE{Graham-Cummings2005,
  author = {Graham-Cummings, John},
  title = {Naive Bayesian Text Classification},
  journal = {Dr. Dobb's Journal},
  year = {2005},
  pages = {16-20},
  month = {May},
  owner = {Jeremy},
  timestamp = {2013.03.23}
}

@INPROCEEDINGS{QimingHe2000,
  author = {Qiming He and A. Shayman},
  title = {Using Reinforcement Learning for proactive Network Fault Management},
  booktitle = {International Conference on Communication Technology Proceedings},
  year = {2000},
  volume = {2000},
  organization = {WCC - ICCT},
  journal = {Communication Technology Proceedings},
  owner = {Jeremy},
  timestamp = {2013.03.23}
}

@ARTICLE{LeslieP.Kaelbling1998,
  author = {Leslie P. Kaelbling and Michael L. Littman and Anthony R. Cassandra},
  title = {Planning and Acting in Partially Observable Stochastic Domains},
  journal = {Artificial Intelligence},
  year = {1998},
  volume = {101.1-2},
  pages = {99-134},
  owner = {Jeremy},
  timestamp = {2013.03.23}
}

@ARTICLE{JiminLi2010,
  author = {Jimin Li and Junbao Li and Aiguo An and Zhenpeng Liu},
  title = {Two-way trust evaluation based on feedback},
  journal = {Logistics Systems and Intelligent Management},
  year = {2010},
  pages = {1910-1914}
}

@INPROCEEDINGS{JMarecki2012,
  author = {J Marecki and M Srivastava and P Varakantham},
  title = {A Decision Theoretic Approach to Data Leakage Prevention},
  booktitle = {IEEE Second International Conference on Communication},
  year = {2012},
  pages = {776-784},
  organization = {Networking \& Broadcasting},
  owner = {Jeremy},
  timestamp = {2013.03.23}
}

@ARTICLE{Merkl,
  author = {Dieter Merkl and Andreas Rauber},
  title = {Document Classification with Unsupervised Artificial Neural Networks},
  note = {Institut for Software technik},
  owner = {Jeremy},
  timestamp = {2013.03.23}
}

@INPROCEEDINGS{DongNguyen2009,
  author = {Dong Nguyen and Thinh Nguyen},
  title = {Network Coding-Based Wireless Media Transmission Using POMDP},
  booktitle = {17th International Packet Video Workshop},
  year = {2009},
  owner = {Jeremy},
  timestamp = {2013.03.23}
}

@BOOK{Norvig2012,
  title = {Artificial Intelligence: A Modern Approach},
  publisher = {Berkeley},
  year = {2012},
  author = {Stuart Russel \and Peter Norvig},
  edition = {3},
  owner = {jwright},
  timestamp = {2013.03.29},
  url = {http://aima.cs.berkeley.edu/}
}

@INPROCEEDINGS{RadimRehurek2010,
  author = {Radim Rehurek and Petr Sojka},
  title = {Software Framework for Topic Modelling with Large Corpora},
  booktitle = {Proceedings of the LREC 2010 Workshop on New Challenges for NLP Frameworks},
  year = {2010},
  owner = {Jeremy},
  timestamp = {2013.03.23}
}

@BOOK{Russell2008,
  title = {Mining the Social Web},
  publisher = {O.Reilly},
  year = {2008},
  editor = {O'Reilly},
  author = {Matthew A Russell},
  edition = {1},
  owner = {Jeremy},
  timestamp = {2013.03.23}
}

@BOOK{Segaran2008,
  title = {Programming Collective Intelligence},
  publisher = {O'Reilly},
  year = {2008},
  editor = {O'Reilly},
  author = {Toby Segaran},
  edition = {1},
  owner = {Jeremy},
  timestamp = {2013.03.23}
}

@INPROCEEDINGS{Sharma2010,
  author = {Sharma, R. and Spaan, M.T.J},
  title = {A Bayesian game based adaptive fuzzy controller for multi agent POMDPs},
  booktitle = {Fuzzy Systems (FUZZ)},
  year = {2010},
  pages = {1-7},
  publisher = {2010 IEEE International Conference on Communication},
  note = {Networking \& Broadcasting},
  owner = {Jeremy},
  timestamp = {2013.03.23}
}

@MISC{University,
  author = {Carnegie Mellon University},
  title = {4 Universities DataSet},
  howpublished = {http://www.cs.cmu.edu/afs/cs.cmu.edu/project/theo-20/www/data/webkb-data.gtar.gz},
  owner = {Jeremy},
  timestamp = {2013.03.23}
}

@INPROCEEDINGS{YanWang2007,
  author = {Yan Wang and V. Varadharajan},
  title = {Role-based Recommendation and Trust Evaluation},
  booktitle = {E-Commerce, and E-Services},
  year = {2007},
  editor = {CEC/EEE},
  pages = {278-288},
  organization = {E-Commerce, and E-Services},
  journal = {E-Commerce Technology and the 4th IEEE International Conference on
	Enterprise Computing},
  owner = {Jeremy},
  timestamp = {2013.03.23}
}

@ARTICLE{White1994,
  author = {D. J. White},
  title = {Structural Properties for Contracting State Partially Observable
	Markov Decision Processes},
  journal = {Journal of Mathematical Analysis and Applications},
  year = {1994},
  volume = {186.2},
  pages = {486-503},
  owner = {Jeremy},
  timestamp = {2013.03.23}
}

@MISC{Wikipedia2013,
  author = {Wikipedia},
  title = {Bellman Equation},
  howpublished = {http://en.wikipedia.org/wiki/Bellman\_equation},
  month = {February},
  year = {2013},
  owner = {jwright},
  timestamp = {2013.03.29},
  url = {http://en.wikipedia.org/wiki/Bellman\_equation}
}

@ELECTRONIC{Wikipedia2013a,
  author = {Wikipedia},
  month = {March},
  year = {2013},
  title = {Markov Decision Process},
  organization = {Wikipedia},
  url = {http://en.wikipedia.org/wiki/Markov\_decision\_process},
  owner = {jwright},
  timestamp = {2013.03.29}
}

@CONFERENCE{JWu.2011,
  author = {J Wu. and J Zhou. and J Ma. and S Mei. and J Ren.},
  title = {An Active Data Leakage Prevention Model for Insider Threat},
  booktitle = {Intelligence Information Processing and Trusted Computing (IPTC)},
  year = {2011},
  pages = {39- 42},
  organization = {2011 2nd International Symposium on Communication},
  note = {Networking \& Broadcasting}
}

@ARTICLE{L.Xiong2004,
  author = {L. Xiong and L. Liu},
  title = {Peertrust: Supporting reputation-based trust for peer-to-peer electronic
	communities},
  year = {2004},
  pages = {14},
  owner = {Jeremy},
  timestamp = {2013.03.23}
}

@ARTICLE{Zhang2000,
  author = {Guoqiang Peter Zhang},
  title = {Neural Networks for Classification: A Survey},
  journal = {IEEE Transactions on Systems, Man and Cybernetics},
  year = {2000},
  volume = {30},
  number = {4},
  owner = {Jeremy},
  timestamp = {2013.03.23}
}

@CONFERENCE{Zilberman,
  author = {Zilberman, P. and Dolev, S. and Katz, G. and Elovici, Y. and Shabtai,
	A.},
  title = {Analyzing group communication for preventing data leakage via email},
  booktitle = {Intelligence and Security Informatics (ISI)},
  pages = {37 - 41},
  publisher = {2011 IEEE International Conference on Bio-engineering ; Communication,
	Networking \& Broadcasting. 2011}
}

@ELECTRONIC{Cisco2008,
  year = {2008},
  title = {Data Leakage Worldwide: The High Cost of Insider Threats.},
  organization = {Cisco Systems Inc},
  url = {http://www.cisco.com/en/US/solutions/collateral/ns170/ns896/ns895/white_paper_c11-506224.pdf},
  urldate = {2013-03-01}
}

